@InProceedings{Rijksmuseum,
  author       = "Mensink, T. E. J. and van Gemert, J. C.",
  title        = "The Rijksmuseum Challenge: Museum-Centered Visual Recognition",
  booktitle    = "ACM International Conference on Multimedia Retrieval",
  year         = "2014",
  url          = "https://ivi.fnwi.uva.nl/isis/publications/2014/MensinkICMIR2014",
  pdf          = "https://ivi.fnwi.uva.nl/isis/publications/2014/MensinkICMIR2014/MensinkICMIR2014.pdf",
  has_image    = 1
}

@ARTICLE{McCallumCRF,
       author = {{Sutton}, Charles and {McCallum}, Andrew},
        title = "{An Introduction to Conditional Random Fields}",
      journal = {arXiv e-prints},
     keywords = {Statistics - Machine Learning},
         year = "2010",
        month = "Nov",
          eid = {arXiv:1011.4088},
        pages = {arXiv:1011.4088},
archivePrefix = {arXiv},
       eprint = {1011.4088},
 primaryClass = {stat.ML},
       adsurl = {https://ui.adsabs.harvard.edu/abs/2010arXiv1011.4088S},
      adsnote = {Provided by the SAO/NASA Astrophysics Data System}
}

@ARTICLE{NUTS,
       author = {{Hoffman}, Matthew D. and {Gelman}, Andrew},
        title = "{The No-U-Turn Sampler: Adaptively Setting Path Lengths in Hamiltonian Monte Carlo}",
      journal = {arXiv e-prints},
     keywords = {Statistics - Computation, Computer Science - Machine Learning},
         year = "2011",
        month = "Nov",
          eid = {arXiv:1111.4246},
        pages = {arXiv:1111.4246},
archivePrefix = {arXiv},
       eprint = {1111.4246},
 primaryClass = {stat.CO},
       adsurl = {https://ui.adsabs.harvard.edu/abs/2011arXiv1111.4246H},
      adsnote = {Provided by the SAO/NASA Astrophysics Data System}
}


@article{NgJordan,
  author = {Y. Ng, Andrew and Jordan, Michael},
  year = {2002},
  month = {04},
  pages = {},
  title = {On Discriminative vs. Generative Classifiers: A comparison of logistic regression and naive Bayes},
  volume = {2},
  journal = {Adv. Neural Inf. Process. Sys}
}

@article{pystruct,
  author  = {Andreas C. M{\"u}ller and Sven Behnke},
  title   = {pystruct - Learning Structured Prediction in Python},
  journal = {Journal of Machine Learning Research},
  year    = {2014},
  volume  = {15},
  pages   = {2055-2060},
  url     = {http://jmlr.org/papers/v15/mueller14a.html}
}

@TECHREPORT{memisevic,
    author = {Roland Memisevic},
    title = {An introduction to structured discriminative learning},
    institution = {},
    year = {2006}
}

@Article{opengm,
  author    = {Andres, B. and Beier, T. and Kappes, J.H.},
  title     = {{OpenGM}: {A} {C++} Library for Discrete Graphical Models},
  journal   = {CoRR},
  volume    = {abs/1206.0111},
  year      = {2012},
  url       = {http://arxiv.org/abs/1206.0111}
}

@article{scikit-learn,
 title={Scikit-learn: Machine Learning in {P}ython},
 author={Pedregosa, F. and Varoquaux, G. and Gramfort, A. and Michel, V.
         and Thirion, B. and Grisel, O. and Blondel, M. and Prettenhofer, P.
         and Weiss, R. and Dubourg, V. and Vanderplas, J. and Passos, A. and
         Cournapeau, D. and Brucher, M. and Perrot, M. and Duchesnay, E.},
 journal={Journal of Machine Learning Research},
 volume={12},
 pages={2825--2830},
 year={2011}
}

@article{opencv,
    author = {Bradski, G.},
    citeulike-article-id = {2236121},
    journal = {Dr. Dobb's Journal of Software Tools},
    keywords = {bibtex-import},
    posted-at = {2008-01-15 19:21:54},
    priority = {4},
    title = {{The OpenCV Library}},
    year = {2000}
}

@book{murphy,
 author = {Murphy, Kevin P.},
 title = {Machine Learning: A Probabilistic Perspective},
 year = {2012},
 isbn = {0262018020, 9780262018029},
 publisher = {The MIT Press},
}

@book{koller,
 author = {Koller, Daphne and Friedman, Nir},
 title = {Probabilistic Graphical Models: Principles and Techniques - Adaptive Computation and Machine Learning},
 year = {2009},
 isbn = {0262013193, 9780262013192},
 publisher = {The MIT Press},
}

@INPROCEEDINGS{CRF,
    author = {John Lafferty},
    title = {Conditional random fields: Probabilistic models for segmenting and labeling sequence data},
    booktitle = {},
    year = {2001},
    pages = {282--289},
    publisher = {Morgan Kaufmann}
}

@ARTICLE{hp1,
author={G. {Hughes}},
journal={IEEE Transactions on Information Theory},
title={On the mean accuracy of statistical pattern recognizers},
year={1968},
volume={14},
number={1},
pages={55-63},
keywords={Pattern classification},
doi={10.1109/TIT.1968.1054102},
ISSN={0018-9448},
month={January},
}

@ARTICLE{hp2,
author={G. V. {Trunk}},
journal={IEEE Transactions on Pattern Analysis and Machine Intelligence},
title={A Problem of Dimensionality: A Simple Example},
year={1979},
volume={PAMI-1},
number={3},
pages={306-307},
keywords={Parameter estimation;Reactive power;Error analysis;Covariance matrix;Probability;Pattern recognition;Testing;Detectors;Correlators;Gaussian distribution;Dimensionality},
doi={10.1109/TPAMI.1979.4766926},
ISSN={0162-8828},
month={July},}

@article{Nowozin,
 author = {Nowozin, Sebastian and Lampert, Christoph H.},
 title = {Structured Learning and Prediction in Computer Vision},
 journal = {Found. Trends. Comput. Graph. Vis.},
 issue_date = {March 2011},
 volume = {6},
 number = {3\&\#8211;4},
 month = mar,
 year = {2011},
 issn = {1572-2740},
 pages = {185--365},
 numpages = {181},
 url = {http://dx.doi.org/10.1561/0600000033},
 doi = {10.1561/0600000033},
 acmid = {2185834},
 publisher = {Now Publishers Inc.},
 address = {Hanover, MA, USA},
}
